@inproceedings{ho2019multi,
  title={Multi-agent path finding for UAV traffic management},
  author={Ho, Florence and Salta, Ana and Geraldes, Ruben and Goncalves, Artur and Cavazza, Marc and Prendinger, Helmut},
  booktitle={Proceedings of the 18th International Conference on Autonomous Agents and MultiAgent Systems},
  pages={131--139},
  year={2019}
}

@inproceedings{wang2009tractable,
  title={Tractable Multi-Agent Path Planning on Grid Maps.},
  author={Wang, Ko-Hsin Cindy and Botea, Adi and others},
  booktitle={IJCAI},
  volume={9},
  pages={1870--1875},
  year={2009},
  organization={Pasadena, California}
}

@inproceedings{bhattacharya2010multi,
  title={Multi-agent path planning with multiple tasks and distance constraints},
  author={Bhattacharya, Subhrajit and Likhachev, Maxim and Kumar, Vijay},
  booktitle={2010 IEEE International Conference on Robotics and Automation},
  pages={953--959},
  year={2010},
  organization={IEEE}
}

@inproceedings{kolushev1999multi,
  title={Multi-agent optimal path planning for mobile robots in environment with obstacles},
  author={Kolushev, Fedor A and Bogdanov, Alexander A},
  booktitle={International Andrei Ershov Memorial Conference on Perspectives of System Informatics},
  pages={503--510},
  year={1999},
  organization={Springer}
}
